4205 6537
1070 773 1561 846 AIRA
1720 760 2499 847 ALPINA
2644 776 2733 847 L.

862 914 1564 986 DsssanMPsu
1645 933 1989 988 ALPmA
2068 915 2170 989 R.
2235 928 2305 989 et
2357 918 2438 989 S.
2497 915 2612 991 ΙΙ.
2664 944 2745 1012 p.
2801 918 2972 994 686.

546 1084 770 1166 Aira
826 1085 1315 1194 caespitosa
1378 1081 1781 1192 vulgariS,
1849 1102 2029 1164 tum
2093 1084 2476 1197 panicula
2538 1105 3008 1193 contracta,
3080 1084 3469 1196 densiori,

337 1217 702 1331 vivipara'
745 1219 1114 1302 occurrit
1168 1218 1332 1327 ita,
1389 1237 1535 1327 ut,
1593 1214 1931 1301 flosculo
1988 1217 2275 1302 infimo
2327 1219 2455 1301 vel
2512 1206 2862 1329 utroque
2907 1221 3277 1330 integre,
3339 1252 3465 1304 se-

332 1350 653 1434 cundus
690 1351 822 1435 vel
857 1353 1235 1466 superior
1281 1350 1628 1464 quidam
1678 1351 2090 1436 valvulam
2144 1383 2378 1435 suam
2433 1353 2907 1436 inferiorem
2954 1356 3034 1436 in
3096 1354 3465 1439 foliolum

324 1483 802 1595 elongatum
833 1550 857 1595 ,
886 1506 1122 1573 -tunc
1158 1508 1300 1570 aut
1351 1488 1592 1602 plane
1629 1493 2041 1573 muticum
2077 1552 2101 1597 ,
2160 1510 2303 1572 aut
2345 1489 2603 1572 setula
2652 1519 3003 1605 superne
3054 1514 3287 1575 enata
3344 1525 3475 1575 ar-

328 1638 709 1729 matum,
761 1620 1198 1735 producat.
1318 1622 1489 1729 Qui
1525 1622 2042 1737 prolificandi
2091 1625 2311 1706 nisus
2363 1655 2557 1707 cum
2611 1625 2689 1705 in
2741 1627 3111 1735 gramine
3161 1626 3467 1710 boreali

325 1751 456 1836 vel
510 1753 787 1867 alpino
842 1757 1097 1867 magis
1158 1758 1676 1871 praevaleat,
1741 1757 2337 1870 flosculosque,
2395 1759 2544 1840 nisi
2602 1788 2939 1867 omnes,
3002 1780 3278 1843 tamen
3340 1766 3470 1847 vel

321 1886 425 1969 ab
462 1889 639 2004 ipso
669 1888 1035 1987 secundo
1064 1891 1426 2002 reliquos
1459 1912 1845 2005 occupet,
1901 1895 1984 1974 in
2020 1910 2281 1975 totam
2318 1891 2717 2005 spinulam
2755 1922 3030 2002 agens,
3069 1895 3469 2007 partium,
3514 1890 3517 1895 ’

323 2027 812 2141 praesertim
844 2029 1489 2119 accessoriarum
1511 2090 1537 2137 ,
1588 2048 1680 2111 ut
1719 2027 2076 2141 pilorum
2113 2027 2320 2109 basis
2351 2047 2432 2110 et
2461 2029 2753 2109 aristae
2783 2090 2806 2135 ,
2857 2030 3464 2113 mutilationem

319 2163 691 2273 aliquam
735 2160 1008 2247 efficit.
1101 2160 1296 2268 Quo
1328 2159 1474 2272 fit,
1530 2183 1623 2246 ut
1659 2164 1740 2244 in
1771 2164 2043 2261 Aira,
2107 2193 2359 2274 quarn
2401 2163 2783 2274 alpinam
2815 2161 3227 2247 Linnaeus
3264 2164 3470 2249 dixit

320 2301 849 2412 speciemque
884 2299 1393 2413 peculiarem
1427 2328 1596 2383 esse
1630 2298 1942 2406 voluit,
2003 2298 2148 2409 pili
2187 2297 2405 2379 basin
2445 2296 2985 2382 flosculorum
3023 2302 3468 2412 cingenteS,

321 2436 574 2517 arista
635 2436 974 2548 ipsaque
1029 2464 1662 2545 nonnumquam
1723 2433 1992 2516 rachis
2046 2432 2500 2516 abbreviati
2557 2434 3126 2518 inveniantur:
3191 2438 3469 2548 arista,

323 2592 512 2655 tum
566 2568 1110 2677 setuliformi,
1175 2600 1339 2652 non
1391 2570 1541 2651 nisi
1590 2600 1635 2650 a
1690 2567 1969 2675 medio
2021 2566 2338 2650 flosculi
2387 2566 2728 2681 perfecti
2789 2567 3068 2650 avulsa
3131 2571 3474 2684 ipsoque

322 2706 735 2812 breviori,
797 2698 1704 2819 proliferorum'autem
1740 2704 1965 2785 nulla
2007 2721 2148 2786 aut
2197 2703 2276 2783 in
2323 2703 2733 2786 aciculam
2782 2702 3470 2789 subterminalem

322 2859 783 2924 contracta.
848 2838 1295 2922 Caeterum
1334 2839 1653 2949 reliqua
1690 2837 1969 2921 omnia
2003 2865 2217 2948 quae
2250 2837 2558 2920 Airam
2580 2838 3153 2948 caespitosam
3177 2843 3476 2924 consti-

327 2993 580 3057 tuunt
606 3038 630 3083 ,
692 2995 772 3058 et
809 2976 888 3057 in
927 2977 1223 3087 alpina
1259 2976 1818 3084 reperiuntur.
1910 2970 2288 3054 Gramen
2341 2972 2843 3086 plerumque
2886 2971 3218 3057 brevius
3247 3038 3270 3082 ,
3337 2979 3471 3059 vix

323 3112 671 3227 pedale,
756 3110 1127 3222 rigidius.
1249 3108 1478 3193 Folia
1535 3110 1862 3217 brevia,
1937 3107 2203 3219 rigida
2232 3171 2256 3217 ,
2338 3107 2755 3215 involuta,
2837 3107 3465 3224 subpungentia.

322 3250 604 3332 Arista
644 3247 1144 3363 plerumque
1179 3276 1224 3331 e
1259 3244 1540 3329 medio
1576 3244 1985 3354 valvulae,
2036 3275 2262 3327 nunc
2293 3242 2466 3358 ipsa
2502 3242 2831 3327 brevior
2864 3274 3084 3328 nunc
3119 3245 3472 3330 eandem

320 3384 579 3499 paulo
611 3382 1039 3468 excedens.
1104 3380 1171 3463 F
1178 3380 1535 3464 losculus
1565 3377 1898 3462 infimus
1932 3377 2255 3480 fertilis,
2286 3377 2744 3461 exsertione
2778 3379 3068 3461 aristae
3097 3399 3470 3491 excepta,

321 3519 576 3634 plane
608 3519 817 3601 utin
856 3515 972 3601 A.
1009 3516 1497 3625 caespitosa
1545 3515 1895 3625 vulgari.
1986 3513 2086 3595 In
2122 3509 2488 3596 secundo
2515 3572 2541 3619 ,
2596 3512 2767 3595 imo
2797 3512 2878 3593 in
2909 3513 3471 3626 superioribus

322 3657 470 3768 qui
522 3671 1021 3765 sequuntur,
1084 3679 1617 3762 quorumque
1675 3678 2313 3759 nonnumquam
2376 3645 2427 3728 3
2469 3692 2584 3713 ——
2633 3642 2678 3726 5
2733 3644 3084 3756 adsunt,
3143 3648 3471 3733 valvula

320 3793 707 3904 superior
758 3783 1121 3898 legitima
1163 3785 1558 3897 quidem,
1624 3785 1765 3868 sed
1813 3785 2316 3868 abbreviata.
2421 3782 2755 3866 Horum
2812 3803 3090 3865 autem
3144 3784 3470 3867 valvula

320 3927 667 4011 inferior
722 3921 1099 4006 foliolum
1157 3921 1411 4005 refert
1472 3923 1989 4035 perfectum,
2051 3924 2224 4037 ipsa
2281 3920 2609 4006 valvula
2673 3920 3050 4029 vaginam
3105 3921 3467 4031 sistente,

324 4061 546 4146 callo
601 4057 1027 4142 articulari
1079 4088 1122 4139 a
1177 4057 1482 4139 lamina
1539 4059 1826 4141 lineari
1887 4076 1968 4141 et
2018 4056 2449 4166 elongata,
2510 4054 3011 4167 plerumque
3067 4055 3468 4163 involuta,

318 4193 822 4304 sejunctam,
875 4190 1383 4301 ligulamque
1414 4210 1835 4275 exserente
1866 4220 2292 4300 magnam,
2345 4188 2595 4300 ligula
2631 4186 3020 4271 foliorum
3054 4190 3466 4298 latiorem,

320 4327 702 4411 bifidam.
793 4323 1206 4409 Genitalia
1237 4323 1772 4410 flosculorum
1823 4324 2470 4440 prolificantium
2519 4325 2814 4406 sensim
2874 4325 3127 4435 magis
3183 4327 3476 4436 magis-

320 4493 488 4578 que
515 4461 969 4546 abortiunt.

938 4688 1366 4759 qunAss
1469 4705 1588 4759 An
1687 4695 2189 4759 spncmns'm
2293 4686 2870 4758 LAPPoch.

508 4831 582 4913 ι)
636 4830 940 4896 Glumae.
1044 4830 1113 4906 2)
1162 4831 1456 4897 Flosculi
1506 4833 1711 4917 magis
1764 4832 2126 4899 etiamnum
2178 4829 2439 4914 integri.
2551 4826 2619 4906 3)
2674 4827 2970 4893 Flosculi
3029 4823 3465 4915 prolificantis

317 4941 591 5006 valvnla
628 4939 907 5004 inferior
932 4963 968 5006 a
998 4939 1239 5009 fronte.
1326 4941 1403 5025 4)
1433 4943 1678 5009 Eadem
1709 4965 1746 5008 a
1776 4952 1981 5028 tergo.
2070 4941 2143 5025 5)
2174 4940 2492 5028 Ejusdem
2539 4935 2799 5006 flosculi
2841 4937 3107 5005 valvula
3135 4936 3461 5026 superior.
