4205 6537
315 934 983 1008 RElMARIA
1073 932 1758 1007 CONFERTA
1846 934 2095 1006 Nnsss
2169 950 2282 1005 ΑΒ
2346 936 2484 1006 Es.
2575 923 2712 1005 Tr.
2756 926 3284 1034 Diss.II.p.
3328 924 3461 1034 59.

483 1192 926 1273 Reimaria
974 1208 1228 1276 acuta
1286 1191 1558 1273 minor
1607 1190 2094 1303 (specimina
2127 1209 2399 1274 nostra
2434 1191 2769 1304 pollices
2799 1192 2851 1293 4
2885 1223 3188 1306 parurn
3223 1222 3463 1276 exce-

305 1321 620 1430 dunt),
669 1321 778 1404 ad
814 1322 1074 1407 nodos
1105 1354 1269 1406 non
1307 1323 1719 1430 radimus,
1776 1353 1942 1406 non
1980 1324 2257 1406 minus
2295 1353 2621 1407 ramosa
2652 1325 2797 1408 sed
2832 1354 3106 1409 ramos
3137 1325 3461 1421 confer-

305 1478 434 1540 tos
471 1456 1060 1542 adscendendo
1089 1458 1482 1565 mollem,
1547 1487 1919 1542 racemos
1948 1458 2182 1572 apice
2240 1459 2502 1543 ferens
2548 1490 2801 1571 quam
2860 1460 2935 1540 in
2996 1459 3131 1541 illa
3184 1460 3466 1573 plures

306 1591 513 1700 (9),
580 1612 672 1673 ut
708 1590 1098 1675 videntur
1128 1622 1454 1707 semper
1505 1594 1612 1706 pl.
1657 1594 1856 1674 min.
1898 1613 2369 1677 contractos
2395 1657 2420 1698 ‚
2488 1596 2566 1675 in
2604 1624 2702 1678 eo
2738 1596 3180 1707 praecipue
3209 1624 3255 1676 a
3288 1596 3461 1707 pri—

302 1726 434 1807 ori
460 1787 489 1830 ,
556 1728 916 1810 maxime
943 1726 1287 1839 quidem
1325 1724 1546 1810 affini
1573 1791 1600 1836 ,
1654 1730 2032 1839 gramine
2066 1727 2417 1834 recedit,
2466 1727 2696 1839 quod
2731 1728 3093 1842 spiculae
3127 1716 3464 1840 (quibus

299 1888 496 1944 axes
528 1860 913 1973 partiales
943 1859 1051 1943 ad
1081 1862 1309 1944 basin
1348 1890 1610 1973 usque
1641 1861 1876 1946 obsiti
1911 1862 2140 1971 sunt)
2182 1882 2476 1946 acutae
2510 1881 2875 1970 tantum,
2922 1883 3065 1945 aut
3096 1861 3465 1974 undique

301 1991 622 2101 nudae,
671 2015 814 2077 aut
857 1994 1209 2102 eodem,
1271 2026 1440 2107 quo
1489 1996 1729 2103 illae,
1793 1995 1978 2078 loco
2032 1994 2243 2078 villis
2291 1994 2808 2080 brevioribus
2845 1995 3464 2107 rarioribusque

299 2127 672 2235 obsitae,
748 2127 1106 2241 denique
1160 2128 1390 2242 quod
1450 2130 1813 2215 minores
1869 2130 2070 2211 sint:
2139 2127 2563 2214 inferiores
2616 2130 3222 2239 sesquilineales
3276 2152 3458 2214 tan-

297 2279 488 2343 tum
523 2324 550 2369 ‚
618 2263 1081 2376 superiores
1112 2264 1248 2346 vix
1282 2264 1640 2348 lineales,
1730 2262 2098 2347 Stamina
2140 2264 2220 2344 in
2271 2262 2429 2348 hac
2481 2264 2751 2378 specie
2791 2264 2944 2346 tria
2986 2294 3462 2349 numerasse

297 2396 520 2479 mihi
562 2396 854 2482 videor
879 2428 906 2507 3
962 2398 1376 2483 lodiculae
1422 2430 1806 2511 squamas
1840 2420 2122 2481 autem
2168 2419 2559 2481 connatas
2594 2399 2786 2481 vidi.
2878 2399 3177 2483 Semen
3217 2400 3458 2516 ellip-

298 2549 601 2612 ticum.

885 2972 1250 3051 FieunA
1354 2991 1473 3043 An
1575 2991 2034 3047 spacmssu
2138 2977 2849 3048 BnAs1L1AuuM.

491 3137 569 3217 ι)
617 3135 775 3199 Pars
817 3135 962 3200 axis
1011 3135 1325 3221 partialis.
1441 3135 1510 3218 2)
1557 3136 1828 3226 Spicula
1881 3158 1919 3200 a
1974 3144 2159 3223 parte
2211 3137 2473 3220 glumae
2527 3137 2770 3223 (rarius
2821 3135 3164 3215 villosum,
3224 3143 3294 3199 ut
3342 3134 3458 3200 hic

295 3243 894 3336 repraesentatur).
994 3240 1065 3323 3)
1111 3236 1362 3312 Eadem
1397 3246 1482 3314 ab
1532 3246 1833 3315 interiori
1883 3268 1938 3313 s.
1986 3268 2024 3311 a
2068 3257 2254 3336 parte
2302 3245 2659 3334 perianthii
2692 3246 2854 3312 visa.
2960 3242 3036 3331 4)
3083 3242 3451 3311 Perianthii

296 3356 577 3424 valvula
635 3356 946 3443 superior
996 3356 1080 3419 ab
1145 3359 1481 3425 exteriori.
1617 3358 1694 3440 5)
1744 3358 1992 3424 Eadem
2056 3359 2141 3422 ab
2198 3357 2503 3424 interiori
2562 3378 2716 3422 cum
2760 3355 3014 3421 semine
3064 3363 3128 3420 et
3173 3353 3455 3419 stamine

296 3472 534 3535 unico.
625 3466 700 3546 6)
739 3466 1086 3533 Lodicula.
