4205 6537
600 670 658 742 P
742 670 804 743 A
894 669 964 744 N
1047 670 1083 741 1
1165 669 1225 745 C
1304 668 1343 742 1
1475 672 1535 744 L
1615 672 1682 746 O
1766 670 1821 743 R
1903 667 1962 739 E
2044 669 2081 738 1
2217 682 2778 739 vanum-As
2852 684 3308 741 LAuArA.

862 850 1292 923 Paurcuu
1371 867 1888 939 cni-mouns
1979 834 2121 917 Tr.
2173 836 2409 920 Diss.
2460 835 2591 918 II.
2641 862 2730 944 p.
2805 862 2989 916 211.

612 1100 687 1184 E
752 1105 862 1188 P.
921 1105 1141 1188 lor-ei
1191 1101 1735 1219 descriptione
1780 1102 2277 1211 didicimus,
2334 1103 2783 1217 specimina
2832 1099 3077 1213 hujus
3125 1070 3515 1213 graminis

406 1234 727 1320 minora
759 1237 1084 1348 vaginas
1112 1234 1530 1321 inferiores
1565 1237 1884 1320 villosas
1909 1299 1934 1346 ‚
1989 1235 2353 1320 culmeas
2380 1234 2734 1345 axinque
2764 1231 2874 1316 ad
2903 1232 3335 1316 radiorum
3368 1260 3509 1314 ex·-

401 1369 844 1455 sertionem
876 1369 1088 1461 villis
1126 1370 1454 1482 (longis)
1490 1358 1911 1484 adspersos
1946 1369 2296 1477 habere;
2360 1370 2504 1481 qui
2548 1366 2884 1453 tandem
2920 1367 3093 1452 villi
3127 1369 3210 1449 in
3244 1365 3506 1450 varie-

404 1517 618 1609 tate,
675 1532 932 1615 quam
981 1532 1167 1589 eam
1220 1503 1329 1588 ob
1376 1533 1556 1590 rem
1607 1504 2082 1588 chnoodem
2116 1501 2486 1587 dixeram
2513 1566 2538 1611 ‚
2588 1498 3130 1616 sesquipedali
3181 1516 3507 1583 tantum

400 1652 484 1716 et
515 1634 780 1746 rigida
809 1635 1202 1749 quidem,
1262 1636 1407 1722 sed
1459 1638 1730 1721 minus
1762 1640 2182 1746 coriacea3
2235 1639 2325 1721 ,in
2376 1637 2682 1749 vaginis
2728 1635 3225 1720 radicalibus
3273 1632 3511 1740 nulli,

402 1794 550 1879 per
585 1767 952 1853 culmeas
992 1770 1319 1881 vaginas
1344 1832 1371 1879 ,
1440 1769 1625 1854 folia
1652 1833 1679 1878 ‚
1743 1772 2170 1885 ipsamque
2202 1771 2457 1856 culmi
2493 1789 2815 1885 partem
2849 1769 3360 1883 superiorem
3403 1763 3514 1849 ad

401 1900 831 2012 paniculae
865 1902 1052 1988 axin
1101 1934 1361 2014 usque
1412 1906 1526 1988 i-ta
1574 1903 2085 1990 adscendunt
2111 1967 2137 2013 ‚
2202 1925 2299 1990 ut
2350 1904 2607 1989 dictas
2639 1905 3029 2015 graminis
3064 1924 3333 2016 partes
3384 1902 3509 1982 in-

400 2030 733 2121 feriores
782 2035 960 2121 lana
1020 2036 1534 2123 densiuscula
1580 2058 1665 2123 et
1714 2039 2240 2148 mollissima,
2289 2041 2520 2152 quasi
2575 2037 2966 2145 refracta,
3026 2037 3314 2121 saltem
3362 2064 3509 2147 pa-

400 2184 669 2277 tente,
731 2171 1193 2284 superiores
1244 2201 1309 2255 s.
1352 2173 1732 2256 culmum
1786 2203 1983 2259 cum
2032 2176 2162 2257 axi
2214 2174 2393 2288 pilis
2443 2173 2700 2285 magis
2747 2170 3040 2286 sparsis
3087 2169 3508 2280 longisque

399 2297 771 2385 induant.
887 2300 1117 2388 Folia
1176 2304 1263 2387 in
1318 2304 1477 2390 hac
1528 2334 1701 2390 var.
1758 2336 1981 2391 nunc
2027 2337 2385 2393 concava
2435 2336 2507 2403 s.
2555 2303 3064 2417 marginibus
3112 2300 3508 2409 involuta,

400 2462 626 2518 nunc
652 2435 1129 2550 explanata3
1196 2435 1305 2521 ob
1334 2438 1581 2522 totius
1625 2439 2015 2551 graminis
2064 2459 2465 2524 staturam
2517 2439 3054 2522 humiliorem
3101 2433 3504 2519 breviora.

404 2566 693 2678 Ligula
718 2629 746 2677 ‚
806 2568 1012 2653 utin
1044 2569 1336 2669 lor-eo,
1393 2570 1647 2655 modo
1682 2571 1943 2680 nulla,
2004 2572 2262 2659 modo
2294 2573 2743 2657 manifesta.
2832 2569 3227 2654 Panicula
3257 2564 3504 2679 paulo

397 2699 777 2810 brevior,
839 2703 1028 2816 ipsis
1062 2701 1397 2788 radiolis
1426 2704 1774 2791 subinde
1826 2707 2017 2791 villo
2066 2738 2234 2792 uno
2281 2708 2641 2792 alterove
2691 2705 3117 2821 adspersis
3211 2701 3505 2817 Spicu-

401 2832 681 2919 larum
738 2856 1154 2923 structura
1180 2900 1206 2948 ,
1267 2837 1529 2924 forma
1555 2903 1580 2947 ,
1645 2841 1873 2926 color
1903 2862 1984 2928 et
2012 2841 2532 2953 magnitudo,
2591 2843 2832 2957 plane
2861 2860 2955 2925 ut
2995 2842 3077 2924 in
3108 2842 3374 2922 lor-ec.

1004 3364 1348 3439 Flauus
1447 3384 1562 3439 Au
1659 3384 2114 3441 specuum
2212 3372 2885 3443 Bassxmssnsrz.

586 3528 650 3611 ι)
695 3527 982 3616 Spicula.
1099 3532 1169 3614 a)
1225 3532 1517 3599 Flosculi
1586 3536 1883 3601 neutrius
1936 3535 2203 3601 valvula
2268 3536 2574 3624 superior
2636 3556 2676 3600 a
2743 3534 2979 3613 fronte.
3096 3526 3175 3610 3)
3236 3527 3508 3595 Herma-

404 3634 777 3724 phroditus.
890 3638 969 3722 4)
1020 3636 1336 3725 Ejusdem
1383 3643 1647 3710 valvula
1693 3645 1998 3732 superior
2049 3667 2205 3712 cum
2251 3646 2563 3713 lodicula.
