<?xml version="1.0" encoding="UTF-8"?>
<!DOCTYPE html PUBLIC "-//W3C//DTD XHTML 1.0 Transitional//EN"
    "http://www.w3.org/TR/xhtml1/DTD/xhtml1-transitional.dtd">
<html xmlns="http://www.w3.org/1999/xhtml" xml:lang="en" lang="en">
 <head>
  <title>
</title>
<meta http-equiv="Content-Type" content="text/html;charset=utf-8" />
  <meta name='ocr-system' content='tesseract 3.04.00' />
  <meta name='ocr-capabilities' content='ocr_page ocr_carea ocr_par ocr_line ocrx_word'/>
</head>
<body>
  <div class='ocr_page' id='page_1' title='image "./speciesgraminum01tringoog_0427.png"; bbox 0 0 4205 6537; ppageno 0'>
   <div class='ocr_carea' id='block_1_1' title="bbox 779 752 3017 883">
    <p class='ocr_par' dir='ltr' id='par_1_1' title="bbox 779 752 3017 883">
     <span class='ocr_line' id='line_1_1' title="bbox 779 752 3017 883; baseline 0.005 -48"><span class='ocrx_word' id='word_1_1' title='bbox 779 786 784 791; x_wconf 76' lang='grc'>’</span> <span class='ocrx_word' id='word_1_2' title='bbox 885 752 1305 883; x_wconf 71' lang='lat' dir='ltr'><strong>QLYRA</strong></span> <span class='ocrx_word' id='word_1_3' title='bbox 1377 754 2119 837; x_wconf 57' lang='lat' dir='ltr'><strong>SEMIOVATA</strong></span> <span class='ocrx_word' id='word_1_4' title='bbox 2187 766 2305 843; x_wconf 85' lang='lat' dir='ltr'>Tr.</span> <span class='ocrx_word' id='word_1_5' title='bbox 2346 759 2524 842; x_wconf 78' lang='lat' dir='ltr'>Diss.</span> <span class='ocrx_word' id='word_1_6' title='bbox 2575 764 3017 863; x_wconf 76' lang='lat' dir='ltr'><strong><em>II.p.249.</em></strong></span> 
     </span>
    </p>
   </div>
   <div class='ocr_carea' id='block_1_2' title="bbox 340 994 1006 1111">
    <p class='ocr_par' dir='ltr' id='par_1_2' title="bbox 340 994 1006 1111">
     <span class='ocr_line' id='line_1_2' title="bbox 340 994 1006 1111; baseline 0.003 -32"><span class='ocrx_word' id='word_1_7' title='bbox 340 1002 673 1079; x_wconf 72' lang='lat' dir='ltr'>RAmx</span> <span class='ocrx_word' id='word_1_8' title='bbox 710 994 1006 1111; x_wconf 86' lang='lat' dir='ltr'>ignota.</span> 
     </span>
    </p>
   </div>
   <div class='ocr_carea' id='block_1_3' title="bbox 349 1146 3499 1399">
    <p class='ocr_par' dir='ltr' id='par_1_3' title="bbox 349 1146 3499 1399">
     <span class='ocr_line' id='line_1_3' title="bbox 349 1146 3499 1296; baseline 0.007 -74"><span class='ocrx_word' id='word_1_9' title='bbox 349 1149 668 1231; x_wconf 71' lang='lat' dir='ltr'>cutm</span> <span class='ocrx_word' id='word_1_10' title='bbox 705 1178 883 1296; x_wconf 79' lang='lat' dir='ltr'>pars</span> <span class='ocrx_word' id='word_1_11' title='bbox 921 1146 1279 1263; x_wconf 76' lang='lat' dir='ltr'>superior</span> <span class='ocrx_word' id='word_1_12' title='bbox 1313 1165 1556 1250; x_wconf 86' lang='lat' dir='ltr'>teres,</span> <span class='ocrx_word' id='word_1_13' title='bbox 1594 1147 1940 1230; x_wconf 82' lang='lat' dir='ltr'><strong>crassitie</strong></span> <span class='ocrx_word' id='word_1_14' title='bbox 1991 1178 2300 1263; x_wconf 81' lang='lat' dir='ltr'>pennae</span> <span class='ocrx_word' id='word_1_15' title='bbox 2348 1153 2753 1257; x_wconf 76' lang='lat' dir='ltr'>corvinae,</span> <span class='ocrx_word' id='word_1_16' title='bbox 2806 1154 3103 1271; x_wconf 88' lang='lat' dir='ltr'>glabra,</span> <span class='ocrx_word' id='word_1_17' title='bbox 3154 1154 3499 1243; x_wconf 82' lang='lat' dir='ltr'>obsolete</span> 
     </span>
     <span class='ocr_line' id='line_1_4' title="bbox 598 1277 3192 1399; baseline 0.005 -37"><span class='ocrx_word' id='word_1_18' title='bbox 598 1279 889 1382; x_wconf 84' lang='lat' dir='ltr'>striata,</span> <span class='ocrx_word' id='word_1_19' title='bbox 928 1280 1026 1364; x_wconf 90' lang='lat' dir='ltr'>ad</span> <span class='ocrx_word' id='word_1_20' title='bbox 1067 1280 1348 1366; x_wconf 88' lang='lat' dir='ltr'>nodos</span> <span class='ocrx_word' id='word_1_21' title='bbox 1359 1277 1668 1398; x_wconf 88' lang='lat' dir='ltr'>glabros</span> <span class='ocrx_word' id='word_1_22' title='bbox 1708 1309 1986 1395; x_wconf 86' lang='lat' dir='ltr'>aequa,</span> <span class='ocrx_word' id='word_1_23' title='bbox 2024 1300 2182 1367; x_wconf 85' lang='lat' dir='ltr'>tota</span> <span class='ocrx_word' id='word_1_24' title='bbox 2228 1282 2524 1399; x_wconf 87' lang='lat' dir='ltr'>vaginis</span> <span class='ocrx_word' id='word_1_25' title='bbox 2563 1282 2927 1370; x_wconf 87' lang='lat' dir='ltr'>soliorum</span> <span class='ocrx_word' id='word_1_26' title='bbox 2967 1305 3192 1375; x_wconf 90' lang='lat' dir='ltr'>tecta.</span> 
     </span>
    </p>
   </div>
   <div class='ocr_carea' id='block_1_4' title="bbox 357 1431 3501 1935">
    <p class='ocr_par' dir='ltr' id='par_1_4' title="bbox 357 1431 3501 1935">
     <span class='ocr_line' id='line_1_5' title="bbox 357 1431 3499 1555; baseline 0.004 -37"><span class='ocrx_word' id='word_1_27' title='bbox 357 1445 809 1520; x_wconf 57' lang='lat' dir='ltr'>vaenue</span> <span class='ocrx_word' id='word_1_28' title='bbox 848 1452 1057 1519; x_wconf 85' lang='lat' dir='ltr'>totae</span> <span class='ocrx_word' id='word_1_29' title='bbox 1095 1433 1348 1535; x_wconf 87' lang='lat' dir='ltr'>fissae,</span> <span class='ocrx_word' id='word_1_30' title='bbox 1387 1431 1877 1537; x_wconf 77' lang='lat' dir='ltr'>laxiusculae,</span> <span class='ocrx_word' id='word_1_31' title='bbox 1919 1434 2368 1522; x_wconf 88' lang='lat' dir='ltr'>internodio</span> <span class='ocrx_word' id='word_1_32' title='bbox 2409 1436 2829 1555; x_wconf 78' lang='lat' dir='ltr'>longioreS,</span> <span class='ocrx_word' id='word_1_33' title='bbox 2869 1442 3155 1526; x_wconf 88' lang='lat' dir='ltr'>lamina</span> <span class='ocrx_word' id='word_1_34' title='bbox 3198 1443 3499 1530; x_wconf 87' lang='lat' dir='ltr'>brevio-</span> 
     </span>
     <span class='ocr_line' id='line_1_6' title="bbox 595 1565 3501 1692; baseline 0.004 -41"><span class='ocrx_word' id='word_1_35' title='bbox 595 1600 738 1664; x_wconf 75' lang='lat' dir='ltr'>reS,</span> <span class='ocrx_word' id='word_1_36' title='bbox 779 1568 1115 1670; x_wconf 86' lang='lat' dir='ltr'>striatae,</span> <span class='ocrx_word' id='word_1_37' title='bbox 1156 1567 1502 1683; x_wconf 88' lang='lat' dir='ltr'>undique</span> <span class='ocrx_word' id='word_1_38' title='bbox 1542 1565 1875 1685; x_wconf 87' lang='lat' dir='ltr'>glabrae,</span> <span class='ocrx_word' id='word_1_39' title='bbox 1915 1599 2251 1689; x_wconf 84' lang='lat' dir='ltr'>superne</span> <span class='ocrx_word' id='word_1_40' title='bbox 2290 1570 2713 1673; x_wconf 89' lang='lat' dir='ltr'>carinatae,</span> <span class='ocrx_word' id='word_1_41' title='bbox 2754 1573 2970 1691; x_wconf 81' lang='lat' dir='ltr'>apice</span> <span class='ocrx_word' id='word_1_42' title='bbox 3009 1577 3377 1692; x_wconf 88' lang='lat' dir='ltr'>utrinque</span> <span class='ocrx_word' id='word_1_43' title='bbox 3413 1580 3501 1662; x_wconf 88' lang='lat' dir='ltr'>in</span> 
     </span>
     <span class='ocr_line' id='line_1_7' title="bbox 597 1699 3497 1815; baseline 0.003 -32"><span class='ocrx_word' id='word_1_44' title='bbox 597 1699 982 1785; x_wconf 84' lang='lat' dir='ltr'>auriculas</span> <span class='ocrx_word' id='word_1_45' title='bbox 1031 1699 1347 1785; x_wconf 88' lang='lat' dir='ltr'>obtusas</span> <span class='ocrx_word' id='word_1_46' title='bbox 1395 1699 1846 1815; x_wconf 89' lang='lat' dir='ltr'>productae.</span> <span class='ocrx_word' id='word_1_47' title='bbox 1940 1711 2291 1787; x_wconf 66' lang='lat' dir='ltr'>Lmuu</span> <span class='ocrx_word' id='word_1_48' title='bbox 2342 1701 2961 1806; x_wconf 87' lang='lat' dir='ltr'>membranacea,</span> <span class='ocrx_word' id='word_1_49' title='bbox 3022 1703 3497 1808; x_wconf 87' lang='lat' dir='ltr'>brevissima,</span> 
     </span>
     <span class='ocr_line' id='line_1_8' title="bbox 591 1828 2102 1935; baseline 0 -18"><span class='ocrx_word' id='word_1_50' title='bbox 591 1850 978 1935; x_wconf 85' lang='lat' dir='ltr'>truncata,</span> <span class='ocrx_word' id='word_1_51' title='bbox 1016 1831 1164 1917; x_wconf 86' lang='lat' dir='ltr'>sub</span> <span class='ocrx_word' id='word_1_52' title='bbox 1205 1830 1417 1916; x_wconf 84' lang='lat' dir='ltr'>lente</span> <span class='ocrx_word' id='word_1_53' title='bbox 1451 1828 1817 1933; x_wconf 86' lang='lat' dir='ltr'>ciliatula,</span> <span class='ocrx_word' id='word_1_54' title='bbox 1859 1829 2102 1917; x_wconf 75' lang='lat' dir='ltr'>fusca.</span> 
     </span>
    </p>
   </div>
   <div class='ocr_carea' id='block_1_5' title="bbox 358 1983 3599 3043">
    <p class='ocr_par' dir='ltr' id='par_1_5' title="bbox 358 1983 3599 3043">
     <span class='ocr_line' id='line_1_9' title="bbox 358 1983 3498 2106; baseline 0.001 -34"><span class='ocrx_word' id='word_1_55' title='bbox 358 1995 654 2074; x_wconf 57' lang='lat' dir='ltr'>Fons</span> <span class='ocrx_word' id='word_1_56' title='bbox 718 1988 805 2071; x_wconf 89' lang='lat' dir='ltr'>in</span> <span class='ocrx_word' id='word_1_57' title='bbox 855 2005 1071 2103; x_wconf 89' lang='lat' dir='ltr'>parte</span> <span class='ocrx_word' id='word_1_58' title='bbox 1127 1984 1361 2069; x_wconf 87' lang='lat' dir='ltr'>culmi</span> <span class='ocrx_word' id='word_1_59' title='bbox 1411 1983 1795 2100; x_wconf 87' lang='lat' dir='ltr'>descripta</span> <span class='ocrx_word' id='word_1_60' title='bbox 1852 1984 2076 2101; x_wconf 85' lang='lat' dir='ltr'>plura</span> <span class='ocrx_word' id='word_1_61' title='bbox 2128 1985 2264 2098; x_wconf 90' lang='lat' dir='ltr'>(in</span> <span class='ocrx_word' id='word_1_62' title='bbox 2320 1986 2491 2071; x_wconf 86' lang='lat' dir='ltr'>aliis</span> <span class='ocrx_word' id='word_1_63' title='bbox 2540 1989 3097 2105; x_wconf 80' lang='lat' dir='ltr'>speciminibus</span> <span class='ocrx_word' id='word_1_64' title='bbox 3153 1991 3498 2106; x_wconf 86' lang='lat' dir='ltr'>ejusdem</span> 
     </span>
     <span class='ocr_line' id='line_1_10' title="bbox 593 2117 3491 2240; baseline 0.002 -36"><span class='ocrx_word' id='word_1_65' title='bbox 593 2119 1161 2240; x_wconf 86' lang='lat' dir='ltr'>magnitudinis</span> <span class='ocrx_word' id='word_1_66' title='bbox 1217 2117 1302 2222; x_wconf 80' lang='grc'><strong>3,·</strong></span> <span class='ocrx_word' id='word_1_67' title='bbox 1367 2119 1453 2202; x_wconf 91' lang='lat' dir='ltr'>in</span> <span class='ocrx_word' id='word_1_68' title='bbox 1505 2117 1677 2203; x_wconf 86' lang='lat' dir='ltr'>aliis</span> <span class='ocrx_word' id='word_1_69' title='bbox 1728 2119 1817 2215; x_wconf 88' lang='lat'>5,</span> <span class='ocrx_word' id='word_1_70' title='bbox 1895 2119 1979 2203; x_wconf 91' lang='lat' dir='ltr'>in</span> <span class='ocrx_word' id='word_1_71' title='bbox 2033 2118 2208 2203; x_wconf 81' lang='lat' dir='ltr'>aliis</span> <span class='ocrx_word' id='word_1_72' title='bbox 2254 2121 2398 2230; x_wconf 87' lang='lat'>8),</span> <span class='ocrx_word' id='word_1_73' title='bbox 2482 2123 2776 2239; x_wconf 89' lang='lat' dir='ltr'>patula,</span> <span class='ocrx_word' id='word_1_74' title='bbox 2837 2123 3122 2239; x_wconf 86' lang='lat' dir='ltr'>petiolo</span> <span class='ocrx_word' id='word_1_75' title='bbox 3187 2124 3491 2210; x_wconf 76' lang='lat' dir='ltr'>circiter</span> 
     </span>
     <span class='ocr_line' id='line_1_11' title="bbox 591 2248 3599 2369; baseline 0.002 -32"><span class='ocrx_word' id='word_1_76' title='bbox 591 2252 935 2338; x_wconf 87' lang='lat' dir='ltr'>bilineali</span> <span class='ocrx_word' id='word_1_77' title='bbox 1005 2252 1357 2339; x_wconf 86' lang='lat' dir='ltr'>coriaceo</span> <span class='ocrx_word' id='word_1_78' title='bbox 1406 2248 1625 2336; x_wconf 79' lang='lat' dir='ltr'>fusco</span> <span class='ocrx_word' id='word_1_79' title='bbox 1677 2249 2030 2336; x_wconf 85' lang='lat' dir='ltr'>obsolete</span> <span class='ocrx_word' id='word_1_80' title='bbox 2079 2252 2549 2369; x_wconf 73' lang='lat' dir='ltr'>pubescente</span> <span class='ocrx_word' id='word_1_81' title='bbox 2607 2255 2957 2357; x_wconf 81' lang='lat' dir='ltr'>suffulta,</span> <span class='ocrx_word' id='word_1_82' title='bbox 3025 2257 3494 2343; x_wconf 87' lang='lat' dir='ltr'>lanceolato-</span> <span class='ocrx_word' id='word_1_83' title='bbox 3594 2310 3599 2319; x_wconf 89' lang='lat'><strong>·</strong></span> 
     </span>
     <span class='ocr_line' id='line_1_12' title="bbox 591 2383 3499 2504; baseline -0 -31"><span class='ocrx_word' id='word_1_84' title='bbox 591 2406 839 2491; x_wconf 81' lang='lat' dir='ltr'>ovata,</span> <span class='ocrx_word' id='word_1_85' title='bbox 889 2386 1359 2486; x_wconf 81' lang='lat' dir='ltr'>acuminata,</span> <span class='ocrx_word' id='word_1_86' title='bbox 1424 2383 1697 2469; x_wconf 84' lang='lat' dir='ltr'>baseos</span> <span class='ocrx_word' id='word_1_87' title='bbox 1746 2384 1989 2470; x_wconf 86' lang='lat' dir='ltr'>altero</span> <span class='ocrx_word' id='word_1_88' title='bbox 2047 2388 2400 2504; x_wconf 86' lang='lat' dir='ltr'>margine</span> <span class='ocrx_word' id='word_1_89' title='bbox 2453 2420 2821 2485; x_wconf 86' lang='lat' dir='ltr'>convexa,</span> <span class='ocrx_word' id='word_1_90' title='bbox 2885 2389 3125 2473; x_wconf 82' lang='lat' dir='ltr'>altero</span> <span class='ocrx_word' id='word_1_91' title='bbox 3182 2388 3499 2504; x_wconf 83' lang='lat' dir='ltr'>oblique</span> 
     </span>
     <span class='ocr_line' id='line_1_13' title="bbox 591 2519 3492 2673; baseline -0.002 -61"><span class='ocrx_word' id='word_1_92' title='bbox 591 2526 1126 2621; x_wconf 87' lang='lat' dir='ltr'>subtruncata‚</span> <span class='ocrx_word' id='word_1_93' title='bbox 1195 2539 1523 2670; x_wconf 84' lang='lat' dir='ltr'>praeter</span> <span class='ocrx_word' id='word_1_94' title='bbox 1564 2521 2000 2638; x_wconf 83' lang='lat' dir='ltr'>marginem</span> <span class='ocrx_word' id='word_1_95' title='bbox 2062 2519 2548 2637; x_wconf 76' lang='lat' dir='ltr'>hispidulum</span> <span class='ocrx_word' id='word_1_96' title='bbox 2611 2522 2901 2673; x_wconf 81' lang='lat' dir='ltr'>glabra,</span> <span class='ocrx_word' id='word_1_97' title='bbox 2969 2525 3492 2622; x_wconf 89' lang='lat' dir='ltr'>multistriata,</span> 
     </span>
     <span class='ocr_line' id='line_1_14' title="bbox 585 2635 3495 2772; baseline -0.002 -28"><span class='ocrx_word' id='word_1_98' title='bbox 585 2659 796 2745; x_wconf 75' lang='lat' dir='ltr'>striis</span> <span class='ocrx_word' id='word_1_99' title='bbox 868 2655 967 2742; x_wconf 83' lang='lat'>13</span> <span class='ocrx_word' id='word_1_100' title='bbox 1021 2655 1266 2772; x_wconf 88' lang='lat' dir='ltr'>magis</span> <span class='ocrx_word' id='word_1_101' title='bbox 1324 2635 1760 2737; x_wconf 83' lang='lat' dir='ltr'>manifestis</span> <span class='ocrx_word' id='word_1_102' title='bbox 1818 2652 2338 2765; x_wconf 89' lang='lat' dir='ltr'>(intermedia</span> <span class='ocrx_word' id='word_1_103' title='bbox 2400 2656 2755 2740; x_wconf 87' lang='lat' dir='ltr'>crassiori</span> <span class='ocrx_word' id='word_1_104' title='bbox 2806 2689 2866 2740; x_wconf 97' lang='grc'>3.</span> <span class='ocrx_word' id='word_1_105' title='bbox 2921 2688 3161 2743; x_wconf 86' lang='lat' dir='ltr'>nervo</span> <span class='ocrx_word' id='word_1_106' title='bbox 3210 2654 3495 2739; x_wconf 86' lang='lat' dir='ltr'>dorsali</span> 
     </span>
     <span class='ocr_line' id='line_1_15' title="bbox 589 2783 3491 2902; baseline -0.004 -24"><span class='ocrx_word' id='word_1_107' title='bbox 589 2798 758 2879; x_wconf 85' lang='lat' dir='ltr'>non</span> <span class='ocrx_word' id='word_1_108' title='bbox 796 2788 960 2876; x_wconf 83' lang='lat' dir='ltr'>solii</span> <span class='ocrx_word' id='word_1_109' title='bbox 1020 2784 1371 2872; x_wconf 89' lang='lat' dir='ltr'>medium</span> <span class='ocrx_word' id='word_1_110' title='bbox 1422 2800 1782 2883; x_wconf 84' lang='lat' dir='ltr'>tenente,</span> <span class='ocrx_word' id='word_1_111' title='bbox 1843 2783 1974 2867; x_wconf 83' lang='lat' dir='ltr'>sed</span> <span class='ocrx_word' id='word_1_112' title='bbox 2019 2784 2221 2899; x_wconf 89' lang='lat' dir='ltr'>parti</span> <span class='ocrx_word' id='word_1_113' title='bbox 2261 2785 2608 2898; x_wconf 79' lang='lat' dir='ltr'>ejusdem</span> <span class='ocrx_word' id='word_1_114' title='bbox 2650 2815 3033 2871; x_wconf 87' lang='lat' dir='ltr'>convexae</span> <span class='ocrx_word' id='word_1_115' title='bbox 3078 2784 3491 2902; x_wconf 85' lang='lat' dir='ltr'>propiori),</span> 
     </span>
     <span class='ocr_line' id='line_1_16' title="bbox 585 2915 3240 3043; baseline -0.003 -33"><span class='ocrx_word' id='word_1_116' title='bbox 585 2923 898 3043; x_wconf 87' lang='lat' dir='ltr'>pollices</span> <span class='ocrx_word' id='word_1_117' title='bbox 951 2920 1003 3006; x_wconf 86' lang='lat'>3</span> <span class='ocrx_word' id='word_1_118' title='bbox 1051 2917 1171 3004; x_wconf 87' lang='lat' dir='ltr'>vel</span> <span class='ocrx_word' id='word_1_119' title='bbox 1214 2946 1262 3001; x_wconf 85' lang='lat'><strong>2</strong></span> <span class='ocrx_word' id='word_1_120' title='bbox 1313 2948 1498 3002; x_wconf 87' lang='lat' dir='ltr'>cum</span> <span class='ocrx_word' id='word_1_121' title='bbox 1542 2915 1872 3000; x_wconf 77' lang='lat' dir='ltr'>dimidio</span> <span class='ocrx_word' id='word_1_122' title='bbox 1909 2915 2092 3018; x_wconf 91' lang='lat' dir='ltr'>lata,</span> <span class='ocrx_word' id='word_1_123' title='bbox 2140 2916 2673 3020; x_wconf 83' lang='lat' dir='ltr'>dodrantalia,</span> <span class='ocrx_word' id='word_1_124' title='bbox 2707 2917 2903 3004; x_wconf 87' lang='lat' dir='ltr'>laete</span> <span class='ocrx_word' id='word_1_125' title='bbox 2944 2915 3240 3002; x_wconf 84' lang='lat' dir='ltr'>viridia.</span> 
     </span>
    </p>
   </div>
   <div class='ocr_carea' id='block_1_6' title="bbox 363 3070 3491 3320">
    <p class='ocr_par' dir='ltr' id='par_1_6' title="bbox 363 3070 3491 3320">
     <span class='ocr_line' id='line_1_17' title="bbox 363 3070 3491 3190; baseline -0.002 -27"><span class='ocrx_word' id='word_1_126' title='bbox 363 3070 966 3163; x_wconf 70' lang='lat' dir='ltr'>Ptnuncuws</span> <span class='ocrx_word' id='word_1_127' title='bbox 1017 3106 1065 3160; x_wconf 89' lang='lat' dir='ltr'>e</span> <span class='ocrx_word' id='word_1_128' title='bbox 1107 3071 1384 3190; x_wconf 63' lang='lat' dir='ltr'>vagina</span> <span class='ocrx_word' id='word_1_129' title='bbox 1431 3101 1793 3187; x_wconf 80' lang='lat' dir='ltr'>suprema</span> <span class='ocrx_word' id='word_1_130' title='bbox 1844 3103 2062 3156; x_wconf 89' lang='lat' dir='ltr'>nunc</span> <span class='ocrx_word' id='word_1_131' title='bbox 2123 3072 2554 3174; x_wconf 81' lang='lat' dir='ltr'>solitarius,</span> <span class='ocrx_word' id='word_1_132' title='bbox 2632 3104 2850 3157; x_wconf 88' lang='lat' dir='ltr'>nunc</span> <span class='ocrx_word' id='word_1_133' title='bbox 2912 3073 3066 3157; x_wconf 89' lang='lat' dir='ltr'>duo</span> <span class='ocrx_word' id='word_1_134' title='bbox 3133 3072 3250 3158; x_wconf 79' lang='lat' dir='ltr'>vel</span> <span class='ocrx_word' id='word_1_135' title='bbox 3301 3093 3491 3159; x_wconf 72' lang='lat' dir='ltr'>tresr</span> 
     </span>
     <span class='ocr_line' id='line_1_18' title="bbox 584 3200 3485 3320; baseline -0.001 -27"><span class='ocrx_word' id='word_1_136' title='bbox 584 3228 754 3294; x_wconf 87' lang='lat' dir='ltr'>tum</span> <span class='ocrx_word' id='word_1_137' title='bbox 801 3207 1043 3293; x_wconf 88' lang='lat' dir='ltr'>altero</span> <span class='ocrx_word' id='word_1_138' title='bbox 1094 3202 1395 3290; x_wconf 80' lang='lat' dir='ltr'>binisve</span> <span class='ocrx_word' id='word_1_139' title='bbox 1444 3200 1822 3320; x_wconf 83' lang='lat' dir='ltr'>elongatis</span> <span class='ocrx_word' id='word_1_140' title='bbox 1885 3201 2406 3320; x_wconf 82' lang='lat' dir='ltr'>(pedalibus),</span> <span class='ocrx_word' id='word_1_141' title='bbox 2461 3202 2693 3290; x_wconf 87' lang='lat' dir='ltr'>tertio</span> <span class='ocrx_word' id='word_1_142' title='bbox 2751 3202 2981 3305; x_wconf 87' lang='lat' dir='ltr'>brevi,</span> <span class='ocrx_word' id='word_1_143' title='bbox 3044 3205 3290 3292; x_wconf 83' lang='lat' dir='ltr'>serius</span> <span class='ocrx_word' id='word_1_144' title='bbox 3340 3203 3485 3292; x_wconf 77' lang='lat' dir='ltr'>flo-</span> 
     </span>
    </p>
   </div>
   <div class='ocr_carea' id='block_1_7' title="bbox 580 3331 2094 3453">
    <p class='ocr_par' dir='ltr' id='par_1_7' title="bbox 580 3331 2094 3453">
     <span class='ocr_line' id='line_1_19' title="bbox 580 3331 2094 3453; baseline -0.007 -25"><span class='ocrx_word' id='word_1_145' title='bbox 580 3361 846 3448; x_wconf 85' lang='lat' dir='ltr'>rente·,</span> <span class='ocrx_word' id='word_1_146' title='bbox 879 3331 1482 3453; x_wconf 82' lang='lat' dir='ltr'>subcompressi,</span> <span class='ocrx_word' id='word_1_147' title='bbox 1523 3332 1792 3452; x_wconf 85' lang='lat' dir='ltr'>glabri,</span> <span class='ocrx_word' id='word_1_148' title='bbox 1835 3333 2094 3451; x_wconf 88' lang='lat' dir='ltr'>aequi.</span> 
     </span>
    </p>
   </div>
   <div class='ocr_carea' id='block_1_8' title="bbox 353 3486 3490 4668">
    <p class='ocr_par' dir='ltr' id='par_1_8' title="bbox 353 3486 3490 4668">
     <span class='ocr_line' id='line_1_20' title="bbox 353 3486 3480 3609; baseline -0.002 -28"><span class='ocrx_word' id='word_1_149' title='bbox 353 3506 593 3583; x_wconf 57' lang='lat' dir='ltr'>luna</span> <span class='ocrx_word' id='word_1_150' title='bbox 640 3487 1247 3580; x_wconf 48' lang='lat' dir='ltr'>perimmanis</span> <span class='ocrx_word' id='word_1_151' title='bbox 1311 3509 1589 3576; x_wconf 81' lang='lat' dir='ltr'>ovato·</span> <span class='ocrx_word' id='word_1_152' title='bbox 1558 3488 1984 3609; x_wconf 86' lang='lat' dir='ltr'>-oblonga‚</span> <span class='ocrx_word' id='word_1_153' title='bbox 2032 3487 2345 3577; x_wconf 82' lang='lat' dir='ltr'>circiter</span> <span class='ocrx_word' id='word_1_154' title='bbox 2384 3486 2911 3609; x_wconf 79' lang='lat' dir='ltr'>spithamaea,</span> <span class='ocrx_word' id='word_1_155' title='bbox 2963 3489 3480 3591; x_wconf 84' lang='lat' dir='ltr'>densiuscula.</span> 
     </span>
     <span class='ocr_line' id='line_1_21' title="bbox 573 3615 3479 3743; baseline -0.001 -31"><span class='ocrx_word' id='word_1_156' title='bbox 573 3624 800 3712; x_wconf 67' lang='lat' dir='ltr'>Axis</span> <span class='ocrx_word' id='word_1_157' title='bbox 843 3622 1288 3710; x_wconf 74' lang='lat' dir='ltr'>communis</span> <span class='ocrx_word' id='word_1_158' title='bbox 1327 3639 1609 3718; x_wconf 80' lang='lat' dir='ltr'>rectus,</span> <span class='ocrx_word' id='word_1_159' title='bbox 1658 3615 2127 3738; x_wconf 74' lang='lat' dir='ltr'>subaequus,</span> <span class='ocrx_word' id='word_1_160' title='bbox 2182 3621 2625 3740; x_wconf 78' lang='lat' dir='ltr'>angulatas,</span> <span class='ocrx_word' id='word_1_161' title='bbox 2679 3619 2965 3743; x_wconf 84' lang='lat' dir='ltr'>glaber,</span> <span class='ocrx_word' id='word_1_162' title='bbox 3014 3626 3479 3742; x_wconf 76' lang='lat' dir='ltr'>pluriparus.</span> 
     </span>
     <span class='ocr_line' id='line_1_22' title="bbox 572 3753 3490 3874; baseline -0 -31"><span class='ocrx_word' id='word_1_163' title='bbox 572 3755 831 3843; x_wconf 68' lang='lat' dir='ltr'>Radia·</span> <span class='ocrx_word' id='word_1_164' title='bbox 858 3756 1154 3874; x_wconf 78' lang='lat' dir='ltr'>absque</span> <span class='ocrx_word' id='word_1_165' title='bbox 1193 3754 1469 3840; x_wconf 89' lang='lat' dir='ltr'>ordine</span> <span class='ocrx_word' id='word_1_166' title='bbox 1506 3782 1598 3837; x_wconf 83' lang='lat' dir='ltr'>ex</span> <span class='ocrx_word' id='word_1_167' title='bbox 1635 3753 1753 3838; x_wconf 88' lang='lat' dir='ltr'>axi</span> <span class='ocrx_word' id='word_1_168' title='bbox 1797 3773 2322 3869; x_wconf 75' lang='lat' dir='ltr'>erumpentes,</span> <span class='ocrx_word' id='word_1_169' title='bbox 2361 3757 2893 3842; x_wconf 87' lang='lat' dir='ltr'>communiter</span> <span class='ocrx_word' id='word_1_170' title='bbox 2924 3777 3185 3842; x_wconf 85' lang='lat' dir='ltr'>tamen</span> <span class='ocrx_word' id='word_1_171' title='bbox 3226 3757 3490 3873; x_wconf 77' lang='lat' dir='ltr'>plures</span> 
     </span>
     <span class='ocr_line' id='line_1_23' title="bbox 575 3882 3481 4004; baseline -0.002 -28"><span class='ocrx_word' id='word_1_172' title='bbox 575 3888 902 3976; x_wconf 86' lang='lat' dir='ltr'>conserti</span> <span class='ocrx_word' id='word_1_173' title='bbox 966 3890 1111 3990; x_wconf 86' lang='lat' dir='ltr'>ita,</span> <span class='ocrx_word' id='word_1_174' title='bbox 1173 3905 1259 3972; x_wconf 81' lang='lat' dir='ltr'>ut</span> <span class='ocrx_word' id='word_1_175' title='bbox 1307 3882 1774 3970; x_wconf 57' lang='lat' dir='ltr'>*verticillum</span> <span class='ocrx_word' id='word_1_176' title='bbox 1821 3884 2344 3989; x_wconf 84' lang='lat' dir='ltr'>mentiantur,</span> <span class='ocrx_word' id='word_1_177' title='bbox 2413 3887 2693 4003; x_wconf 89' lang='lat' dir='ltr'>patuli,</span> <span class='ocrx_word' id='word_1_178' title='bbox 2747 3907 3195 4004; x_wconf 76' lang='lat' dir='ltr'>pertenueS,</span> <span class='ocrx_word' id='word_1_179' title='bbox 3257 3889 3481 3988; x_wconf 86' lang='lat' dir='ltr'>recti,</span> 
     </span>
     <span class='ocr_line' id='line_1_24' title="bbox 570 4017 3478 4138; baseline -0.001 -32"><span class='ocrx_word' id='word_1_180' title='bbox 570 4020 981 4138; x_wconf 75' lang='lat' dir='ltr'>subaequi,</span> <span class='ocrx_word' id='word_1_181' title='bbox 1018 4019 1317 4121; x_wconf 82' lang='lat' dir='ltr'>scabri,</span> <span class='ocrx_word' id='word_1_182' title='bbox 1351 4018 1659 4103; x_wconf 83' lang='lat' dir='ltr'>circiter</span> <span class='ocrx_word' id='word_1_183' title='bbox 1695 4049 1740 4104; x_wconf 87' lang='lat' dir='ltr'>a</span> <span class='ocrx_word' id='word_1_184' title='bbox 1781 4017 2041 4104; x_wconf 84' lang='lat' dir='ltr'>medio</span> <span class='ocrx_word' id='word_1_185' title='bbox 2079 4018 2495 4106; x_wconf 64' lang='lat' dir='ltr'>ramulosiz</span> <span class='ocrx_word' id='word_1_186' title='bbox 2536 4020 2857 4106; x_wconf 70' lang='lat' dir='ltr'>radiolis</span> <span class='ocrx_word' id='word_1_187' title='bbox 2910 4019 3310 4124; x_wconf 76' lang='lat' dir='ltr'>brevibuS,</span> <span class='ocrx_word' id='word_1_188' title='bbox 3359 4049 3478 4106; x_wconf 79' lang='lat' dir='ltr'>se·</span> 
     </span>
     <span class='ocr_line' id='line_1_25' title="bbox 575 4150 3478 4271; baseline -0.003 -26"><span class='ocrx_word' id='word_1_189' title='bbox 575 4155 889 4260; x_wconf 80' lang='lat' dir='ltr'>cundis;</span> <span class='ocrx_word' id='word_1_190' title='bbox 935 4152 1374 4254; x_wconf 78' lang='lat' dir='ltr'>inferiores,</span> <span class='ocrx_word' id='word_1_191' title='bbox 1432 4150 1742 4238; x_wconf 85' lang='lat' dir='ltr'>circiter</span> <span class='ocrx_word' id='word_1_192' title='bbox 1788 4151 2181 4271; x_wconf 81' lang='lat' dir='ltr'>digitales,</span> <span class='ocrx_word' id='word_1_193' title='bbox 2235 4152 2692 4271; x_wconf 85' lang='lat' dir='ltr'>plerumque</span> <span class='ocrx_word' id='word_1_194' title='bbox 2740 4155 2889 4239; x_wconf 88' lang='lat' dir='ltr'>toti</span> <span class='ocrx_word' id='word_1_195' title='bbox 2937 4152 3303 4258; x_wconf 73' lang='lat' dir='ltr'>masculi.·‚</span> <span class='ocrx_word' id='word_1_196' title='bbox 3349 4186 3478 4237; x_wconf 90' lang='lat' dir='ltr'>su·</span> 
     </span>
     <span class='ocr_line' id='line_1_26' title="bbox 568 4285 3478 4409; baseline -0.003 -32"><span class='ocrx_word' id='word_1_197' title='bbox 568 4291 953 4409; x_wconf 82' lang='lat' dir='ltr'>periores,</span> <span class='ocrx_word' id='word_1_198' title='bbox 1016 4287 1308 4374; x_wconf 80' lang='lat' dir='ltr'>sensim</span> <span class='ocrx_word' id='word_1_199' title='bbox 1374 4285 1768 4372; x_wconf 83' lang='lat' dir='ltr'>breviores</span> <span class='ocrx_word' id='word_1_200' title='bbox 1821 4304 1896 4371; x_wconf 80' lang='lat' dir='ltr'>et</span> <span class='ocrx_word' id='word_1_201' title='bbox 1947 4287 2032 4371; x_wconf 84' lang='lat' dir='ltr'>in</span> <span class='ocrx_word' id='word_1_202' title='bbox 2081 4285 2267 4402; x_wconf 85' lang='lat' dir='ltr'>juba</span> <span class='ocrx_word' id='word_1_203' title='bbox 2313 4305 2655 4373; x_wconf 85' lang='lat' dir='ltr'>extrema</span> <span class='ocrx_word' id='word_1_204' title='bbox 2716 4288 3030 4371; x_wconf 84' lang='lat' dir='ltr'>tandem</span> <span class='ocrx_word' id='word_1_205' title='bbox 3088 4288 3205 4371; x_wconf 84' lang='lat' dir='ltr'>vix</span> <span class='ocrx_word' id='word_1_206' title='bbox 3261 4285 3478 4402; x_wconf 87' lang='lat' dir='ltr'>polli-</span> 
     </span>
     <span class='ocr_line' id='line_1_27' title="bbox 570 4415 3473 4534; baseline -0.003 -23"><span class='ocrx_word' id='word_1_207' title='bbox 570 4455 792 4511; x_wconf 84' lang='lat' dir='ltr'>cares</span> <span class='ocrx_word' id='word_1_208' title='bbox 823 4441 1176 4522; x_wconf 75' lang='lat' dir='ltr'>tantum,</span> <span class='ocrx_word' id='word_1_209' title='bbox 1229 4415 1540 4503; x_wconf 82' lang='lat' dir='ltr'>inferne</span> <span class='ocrx_word' id='word_1_210' title='bbox 1576 4416 1934 4519; x_wconf 80' lang='lat' dir='ltr'>maseuli,</span> <span class='ocrx_word' id='word_1_211' title='bbox 1984 4417 2209 4533; x_wconf 81' lang='lat' dir='ltr'>apice</span> <span class='ocrx_word' id='word_1_212' title='bbox 2240 4417 2535 4534; x_wconf 81' lang='lat' dir='ltr'>spicula</span> <span class='ocrx_word' id='word_1_213' title='bbox 2572 4416 2906 4503; x_wconf 81' lang='lat' dir='ltr'>feminea</span> <span class='ocrx_word' id='word_1_214' title='bbox 2947 4418 3295 4503; x_wconf 82' lang='lat' dir='ltr'>solitaria</span> <span class='ocrx_word' id='word_1_215' title='bbox 3332 4436 3473 4502; x_wconf 81' lang='lat' dir='ltr'>ter·</span> 
     </span>
     <span class='ocr_line' id='line_1_28' title="bbox 569 4546 2864 4668; baseline -0.003 -27"><span class='ocrx_word' id='word_1_216' title='bbox 569 4557 841 4641; x_wconf 84' lang='lat' dir='ltr'>minati</span> <span class='ocrx_word' id='word_1_217' title='bbox 882 4573 959 4639; x_wconf 87' lang='lat' dir='ltr'>et</span> <span class='ocrx_word' id='word_1_218' title='bbox 994 4552 1145 4639; x_wconf 87' lang='lat' dir='ltr'>sub</span> <span class='ocrx_word' id='word_1_219' title='bbox 1180 4551 1454 4637; x_wconf 85' lang='lat' dir='ltr'>eadem</span> <span class='ocrx_word' id='word_1_220' title='bbox 1488 4550 1576 4636; x_wconf 83' lang='lat' dir='ltr'>in</span> <span class='ocrx_word' id='word_1_221' title='bbox 1614 4549 2078 4668; x_wconf 82' lang='lat' dir='ltr'>pedicellum</span> <span class='ocrx_word' id='word_1_222' title='bbox 2117 4568 2537 4634; x_wconf 82' lang='lat' dir='ltr'>cuneatum</span> <span class='ocrx_word' id='word_1_223' title='bbox 2587 4546 2864 4634; x_wconf 86' lang='lat' dir='ltr'>inflati.</span> 
     </span>
    </p>
   </div>
   <div class='ocr_carea' id='block_1_9' title="bbox 344 4701 3471 4957">
    <p class='ocr_par' dir='ltr' id='par_1_9' title="bbox 344 4701 3471 4957">
     <span class='ocr_line' id='line_1_29' title="bbox 344 4701 3471 4824; baseline -0.002 -29"><span class='ocrx_word' id='word_1_224' title='bbox 344 4721 785 4796; x_wconf 57' lang='lat' dir='ltr'>sexcunx</span> <span class='ocrx_word' id='word_1_225' title='bbox 831 4733 1308 4794; x_wconf 67' lang='lat' dir='ltr'>MASGULAE</span> <span class='ocrx_word' id='word_1_226' title='bbox 1348 4707 1428 4792; x_wconf 91' lang='lat' dir='ltr'>in</span> <span class='ocrx_word' id='word_1_227' title='bbox 1469 4707 1742 4824; x_wconf 78' lang='lat' dir='ltr'>quovis</span> <span class='ocrx_word' id='word_1_228' title='bbox 1784 4706 2003 4792; x_wconf 80' lang='lat' dir='ltr'>radio</span> <span class='ocrx_word' id='word_1_229' title='bbox 2044 4701 2392 4791; x_wconf 85' lang='lat' dir='ltr'>inferiori</span> <span class='ocrx_word' id='word_1_230' title='bbox 2433 4705 2838 4822; x_wconf 87' lang='lat' dir='ltr'>plurimae,</span> <span class='ocrx_word' id='word_1_231' title='bbox 2876 4705 3292 4805; x_wconf 86' lang='lat' dir='ltr'>secundae,</span> <span class='ocrx_word' id='word_1_232' title='bbox 3332 4735 3471 4789; x_wconf 87' lang='lat' dir='ltr'>an-</span> 
     </span>
     <span class='ocr_line' id='line_1_30' title="bbox 465 4833 3471 4957; baseline -0 -36"><span class='ocrx_word' id='word_1_233' title='bbox 465 4929 472 4937; x_wconf 57' lang='grc'><strong>,</strong></span> <span class='ocrx_word' id='word_1_234' title='bbox 564 4857 847 4957; x_wconf 75' lang='lat' dir='ltr'>gusto-</span> <span class='ocrx_word' id='word_1_235' title='bbox 876 4838 1238 4938; x_wconf 79' lang='lat' dir='ltr'>lineares,</span> <span class='ocrx_word' id='word_1_236' title='bbox 1304 4870 1475 4926; x_wconf 80' lang='lat' dir='ltr'>non</span> <span class='ocrx_word' id='word_1_237' title='bbox 1537 4857 1990 4955; x_wconf 81' lang='lat' dir='ltr'>computata</span> <span class='ocrx_word' id='word_1_238' title='bbox 2048 4837 2328 4926; x_wconf 80' lang='lat' dir='ltr'>subula</span> <span class='ocrx_word' id='word_1_239' title='bbox 2394 4868 2536 4925; x_wconf 75' lang='lat' dir='ltr'>sua</span> <span class='ocrx_word' id='word_1_240' title='bbox 2595 4833 3056 4922; x_wconf 82' lang='lat' dir='ltr'>caudisormi</span> <span class='ocrx_word' id='word_1_241' title='bbox 3120 4835 3367 4926; x_wconf 81' lang='lat' dir='ltr'>lineas</span> <span class='ocrx_word' id='word_1_242' title='bbox 3414 4838 3471 4947; x_wconf 78' lang='grc'><strong><em>4</em></strong></span> 
     </span>
    </p>
   </div>
  </div>
 </body>
</html>
