4205 6537
442 916 1032 993 PANICI
1153 909 2445 988 INCONSTANTIS
2549 836 3302 991 VARMONTZNA.

463 1153 708 1237 Idem
739 1180 1081 1264 gramen
1119 1143 1385 1259 (quod
1421 1175 1585 1228 non
1622 1143 1729 1229 ob
1765 1144 2252 1230 variabilem
2297 1145 2781 1258 glumarum
2816 1152 3445 1266 proportionem

290 1286 559 1373 solam
592 1283 1148 1370 inconstantis
1180 1310 1483 1365 nomen
1520 1283 1980 1390 meretur),
2045 1279 2257 1363 dum
2313 1282 2396 1364 in
2438 1280 2836 1368 fruticetis
2881 1285 3248 1368 humidis
3299 1317 3440 1371 ve-

285 1443 520 1535 getat
546 1485 572 1533 ‚
632 1451 1067 1505 ramorum
1104 1419 1352 1530 virgis
1382 1418 1689 1533 partim
1720 1417 2242 1501 foliosissimis
2277 1418 2700 1502 luxurians
2739 1441 3264 1534 quatuorque
3300 1453 3444 1537 pe·-

287 1557 509 1640 dum
556 1555 1081 1641 altitudinem
1138 1556 1587 1672 attingens,
1650 1552 1736 1635 in
1781 1550 2204 1635 montibus
2251 1554 2625 1662 genitum
2663 1556 3223 1658 ramositatem
3278 1555 3446 1644 fere

285 1723 634 1777 omnem
689 1694 916 1777 exuit
950 1710 1201 1802 atque
1244 1690 1379 1773 vix
1429 1687 1535 1771 ad
1588 1687 1957 1771 duorum
1997 1687 2309 1802 pedum
2353 1688 3012 1800 magnitudinem
3064 1695 3436 1803 assurgit.

282 1825 569 1942 Hujus
604 1810 883 1913 autem
920 1826 1331 1910 varietatis
1364 1826 1783 1938 specimen
1810 1886 1835 1932 ,
1901 1825 1985 1906 in
2037 1853 2371 1908 summo
2419 1844 2706 1909 monte
2758 1826 2871 1908 cla
2928 1826 3261 1912 Sillada
3299 1859 3433 1937 pr.

293 1965 818 2073 Camapuan
848 1962 1280 2046 Brasiliae
1315 1959 1625 2045 lectum
1673 1960 1755 2040 in
1796 1958 2075 2040 tabula
2124 1956 2443 2069 adjecta
2489 1959 2884 2043 delineari
2935 1963 3438 2045 curavimus.

279 2095 571 2181 Radix
607 2100 803 2183 huic
834 2129 879 2182 e
926 2098 1383 2180 rhizomate
1416 2125 1685 2179 crasso
1717 2116 1799 2179 et
1846 2115 2224 2179 tomento
2259 2114 2738 2180 canescente
2786 2096 3153 2182 obducto
3185 2097 3443 2184 fibrae
3557 2095 3562 2102 ’

278 2261 673 2346 sparsae,
744 2231 1183 2346 simplices.
1278 2229 1629 2312 Culmus
1683 2228 2215 2312 subramosus
2273 2249 2629 2312 tantum.
2751 2229 2984 2314 Folia
3047 2234 3441 2346 pauciora

279 2365 442 2451 sed
488 2363 804 2477 majora
856 2366 1186 2473 omnia,
1235 2363 1663 2449 interdum
1714 2364 2534 2476 quinquepollicaria.
2613 2364 2985 2476 Vaginae
3038 2365 3440 2451 radicales

282 2501 544 2586 dorso
578 2501 1156 2615 pubescenteS,
1206 2500 1669 2613 superiores
1699 2499 2061 2609 glabrae.
2157 2499 2214 2582 J
2223 2499 2376 2581 uba
2414 2531 2671 2610 quam
2725 2501 2808 2583 in
2860 2501 3118 2614 priori
3168 2503 3436 2585 varie-
3547 2520 3598 2530 ·'

281 2657 463 2721 tate
499 2634 856 2720 lucidior
892 2633 1034 2717 sed
1072 2635 1575 2748 plerumque
1609 2631 1874 2742 major
1898 2697 1925 2748 2
1986 2664 2226 2748 saepe
2261 2636 2814 2748 spithamaea‚
2871 2636 3121 2718 radiis
3154 2634 3435 2719 inferi-

281 2768 578 2854 oribus
631 2769 872 2880 longe
927 2767 1030 2851 ab
1084 2768 1445 2851 invicem
1494 2769 1858 2852 remotiS.
1983 2767 2378 2881 Spiculae*
2419 2799 2616 2852 vero
2651 2799 2801 2883 per
2842 2800 3130 2854 omnes
3167 2789 3438 2885 partes

283 2902 724 3014 ejusdem,
782 2934 877 2986 ac
929 2902 1267 3016 prioriS‚
1315 2921 1487 2983 tam
1544 2903 2182 2986 constructionis
2229 2932 2482 3013 quam
2516 2901 2877 3012 formae,
2934 2904 3046 2987 ita
3099 2924 3194 2986 ut
3238 2933 3434 2985 ana·-

283 3040 509 3149 lysin
543 3037 893 3122 eandem
931 3039 1236 3122 iterum
1278 3037 1671 3123 exhibere
1702 3038 1989 3121 inutile
2024 3037 2259 3121 nobis
2292 3038 2557 3122 visum
2597 3039 2724 3120 sit.
