4205 6537
825 896 2030 977 ARUNDINELLA
2164 898 3085 975 FLAMM1DA.

487 1085 639 1168 Des:
722 1085 1079 1154 Paniculae
1107 1087 1362 1175 (sesqui
1392 1085 1919 1176 -bi·pedalis)
1964 1087 2168 1157 radiis
2195 1086 2650 1169 veruculatis,
2705 1086 3093 1177 compositis
3108 1114 3130 1171 3
3189 1086 3532 1155 Pedicello

712 1194 936 1284 (binc)
980 1196 1108 1262 sub
1144 1196 1406 1287 spicula
1433 1196 1734 1265 obsoleto
1770 1197 2062 1287 pilosulo
2081 1226 2104 1282 ς
2161 1198 2729 1288 Hermaphrodito
2772 1196 2962 1286 juxta
2995 1198 3262 1266 aristam
3290 1195 3529 1277 bifido,

715 1306 942 1391 (longo
970 1307 1252 1395 piloso),
1293 1308 1517 1395 gluma
1558 1329 1677 1374 sua
1722 1308 1925 1397 paulo
1961 1310 2251 1391 minori,
2298 1308 2594 1376 masculo
2631 1330 2790 1391 sua,
2841 1330 3013 1397 quae
3052 1308 3385 1399 superiori
3434 1307 3534 1374 di·

713 1417 923 1485 midio
960 1417 1271 1501 brevior,
1327 1419 1536 1511 duplo
1564 1418 1826 1505 majori.

396 1778 618 1849 Ram
638 1800 688 1851 x
736 1796 783 1850 e
814 1765 1073 1851 culini
1109 1768 1278 1851 basi
1312 1767 1714 1853 nodulosa
1744 1766 2004 1854 fibrae
2035 1797 2361 1886 sparsae
2385 1831 2413 1878 ,
2468 1765 2789 1853 validae
2816 1829 2843 1875 ,
2899 1765 3345 1875 flexuosae,
3395 1797 3531 1849 ra·-

622 1879 1041 1990 mulosae,
1101 1880 1482 1996 pallidae.

394 2047 772 2123 Curuus
822 2057 1149 2122 erectus
1176 2101 1200 2147 ,
1258 2040 1590 2125 strictus
1623 2058 1705 2125 et
1733 2038 2063 2150 gracilis
2089 2100 2116 2146 ,
2170 2036 2224 2140 4
2256 2082 2366 2102 -
2393 2064 2436 2148 7
2464 2087 2503 2100 -
2528 2034 2838 2150 pedalis
2865 2096 2890 2143 ,
2955 2032 3271 2117 inferne
3306 2062 3528 2117 cras·-

619 2149 798 2233 sitie
827 2180 1141 2262 pennae
1171 2183 1529 2264 cygneae
1562 2173 1643 2237 et
1677 2154 2058 2256 crassior,
2094 2172 2338 2256 teres,
2373 2149 2828 2258 striatulus,
2865 2146 3182 2258 glaber,
3236 2144 3346 2228 ad
3379 2175 3530 2230 no-

618 2262 768 2346 dos
818 2265 904 2372 (4
933 2262 1121 2345 —5
1152 2329 1176 2373 ,
1240 2265 1546 2379 pallide
1592 2285 1674 2349 et
1724 2266 2087 2350 molliter
2138 2263 2560 2371 barbatos)
2615 2291 2927 2374 aequus
2974 2261 3104 2345 vel
3155 2257 3267 2343 ad
3319 2258 3524 2343 infe-

618 2378 878 2460 riores
909 2376 1316 2462 levissime
1347 2380 1857 2490 geniculatus
1883 2442 1910 2487 ,
1967 2378 2363 2491 simplex,
2429 2376 2636 2460 infra
2669 2375 3140 2491 paniculam
3192 2371 3529 2457 tandem

618 2491 809 2573 satis
838 2491 1082 2600 longe
1115 2490 1417 2577 nudus.
2476 2498 2481 2503 ’

389 2656 838 2734 nomn-2
888 2667 1108 2733 totae
1136 2645 1421 2758 fissae,
1483 2647 2080 2756 arctiusculae,
2134 2667 2484 2757 tereteS,
2542 2646 2848 2729 lamina
2902 2644 3530 2758 superioresque
3582 2714 3591 2723 .

618 2759 1083 2846 internodio
1114 2760 1568 2871 breviores,
1589 2764 1952 2870 striatae,
1986 2763 2069 2844 in
2098 2762 2274 2844 aliis
2310 2790 2595 2845 omues
2624 2760 2960 2870 glabrae
2990 2788 3084 2840 ac
3115 2757 3411 2861 laeves‘,
3443 2758 3522 2837 in

618 2873 792 2955 aliis
816 2937 843 2982 ,
916 2877 1404 2990 praesertim
1459 2877 1921 2992 superiores
1945 2937 1970 2985 ,
2066 2874 2270 2959 undi
2339 2904 2438 2958 ue
2500 2873 2684 2988 pilis
2743 2872 3133 2956 brevibus
3193 2869 3523 2954 obsitae.

619 2998 679 3072 L
700 3020 722 3069 1
743 3019 983 3074 GULA
1004 3021 1051 3073 E
1103 2991 1290 3075 loco
1316 2989 1575 3074 barba
1609 2988 2022 3105 pilorum,
2076 2904 2502 3071 interffium
2536 2986 2798 3098 rigida
2830 3007 2912 3071 et
2940 2988 3131 3070 satis
3165 2983 3432 3097 longa.

385 3177 692 3253 FomA
733 3186 1059 3277 erecta,
1096 3167 1362 3279 rigida
1385 3231 1409 3277 ,
1445 3168 1781 3253 linearia
1808 3229 1832 3274 ,
1881 3165 2127 3283 plana
2165 3185 2307 3248 aut
2360 3167 2476 3275 (in
2512 3166 2787 3279 planta
2815 3162 3123 3275 sicca?)
3169 3164 3278 3280 pl.
3321 3166 3519 3247 min.

619 3279 1034 3390 involuta,
1095 3283 1621 3394 acuminata,
1685 3281 2071 3366 inferiora
2120 3281 2372 3364 lineas
2406 3280 2459 3384 4
2495 3281 2653 3362 lata
2686 3341 2709 3386 ,
2762 3280 3177 3393 inplauta
3230 3275 3526 3389 majori

612 3393 1021 3507 bipedalia
1045 3458 1072 3504 ,
1121 3397 1551 3513 superiora
1578 3395 2046 3509 augustiora
2075 3455 2101 3501 ,
2132 3395 2430 3477 sensim
2464 3393 2843 3478 breviora
2863 3456 2889 3502 ,
2922 3395 3241 3503 striata,
3278 3392 3526 3482 dorso

615 3505 897 3619 glabra
926 3570 951 3618 ,
991 3507 1259 3595 fronte
1290 3508 1849 3596 scabriuscula
1878 3570 1906 3617 ,
1957 3507 2329 3620 margine
2357 3506 2705 3622 hispida.

379 3684 858 3756 Panicuna
901 3685 1230 3786 erecta,
1292 3669 1630 3776 stricta,
1688 3663 2713 3779 thyrsiformi-contracta
2742 3728 2769 3774 ,
2818 3663 2931 3781 pl.
2983 3664 3185 3749 min.
3238 3662 3523 3774 densa,

613 3777 926 3864 inferne
961 3780 1423 3896 interrupta
1452 3843 1480 3890 ,
1526 3775 1963 3866 flavescens
1990 3842 2017 3890 ,
2075 3780 2342 3891 sesqui
2369 3820 2485 3845 —-
2512 3777 2596 3862 bi
2617 3828 2651 3844 -·
2669 3777 3007 3894 pedaliS.

376 3956 625 4029 Axls
673 3953 937 4044 teres,
998 3935 1312 4022 inferne
1366 3936 1725 4023 crassitie
1784 3966 2100 4068 pennae
2148 3936 2688 4049 gallinaceae,
2744 3964 3087 4048 aequuS,
3154 3932 3521 4041 strictus,

606 4048 908 4133 sensim
959 4050 1216 4162 magis
1266 4051 1688 4163 magisque
1736 4048 2159 4166 hispidus»,
2216 4049 2326 4132 ad
2381 4047 2824 4135 verticillos
2871 4047 3294 4133 inferiores
3325 4047 3518 4130 bar·

504 4267 510 4273 ⁵
612 4161 878 4245 batus.
994 4174 1273 4248 RAnn
1327 4164 1832 4274 tenuissimi,
1902 4161 2457 4269 teretiusculi,
2524 4163 2834 4271 erecti,
2898 4161 3070 4245 basi
3120 4160 3520 4291 adpressi,

609 4271 952 4388 hispidi:
1006 4274 1427 4362 inferiores
1476 4276 1801 4392 plures,
1857 4274 2349 4384 fasciculati,
2393 4276 2856 4390 superiores
2906 4275 3281 4389 plurimi,
3333 4304 3518 4357 ver-—

607 4387 923 4474 ticillati
949 4450 974 4494 ,
1032 4391 1478 4475 exteriores
1510 4421 1557 4475 a
1588 4390 1792 4500 basi,
1843 4391 2276 4474 interiores
2321 4417 2386 4472 s,
2440 4389 2698 4474 medii
2727 4420 2773 4472 a
2812 4387 3090 4472 medio
3119 4388 3523 4470 ramulosi

611 4522 693 4587 et
727 4499 1103 4586 floriferi:
1158 4503 1576 4589 verticillis
1608 4535 1760 4618 per
1790 4501 2215 4588 distantias
2249 4502 2669 4614 regulares
2695 4568 2721 4611 ,
2770 4502 3070 4586 sensim
3100 4500 3519 4584 breviores

609 4615 904 4700 enatis:
968 4611 1270 4699 infimis
1324 4617 1659 4731 pollices
1691 4618 1742 4721 4
1776 4617 1904 4701 vel
1940 4615 1991 4698 3
2025 4617 2133 4701 ab
2168 4617 2525 4700 invicem
2563 4614 3082 4700 distantibus.
3177 4614 3525 4729 Radioli

605 4728 822 4814 terni
852 4724 1173 4835 binive,
1226 4730 1816 4840 scabriusc'uli,
1863 4729 2033 4815 fere
2064 4760 2157 4815 ca
2224 4729 2530 4836 illacei,
2582 4727 3147 4814 scabriusculi.
3253 4740 3517 4810 Paur-

597 4873 875 4927 cssnm
924 4839 1438 4954 longitudine
1471 4843 1833 4959 spiculae
1868 4863 2010 4926 aut
2041 4763 2332 4927 eacfem
2380 4842 2851 4949 brevioreS,
2908 4870 3264 4955 superne
3312 4867 3518 4953 pau-

603 4954 878 5152 }ulupa
927 4955 1352 5041 incrassati
1400 4975 1486 5043 et
1525 4954 1681 5042 sub
1728 4955 2017 5041 fissura
2046 4958 2383 5070 glumae
2435 4953 2838 5041 inferioris
2873 4954 3350 5040 brevissime
3399 4953 3519 5068 pi·

636 5096 784 5154 osu
817 5098 870 5150 1.
